<record><leader>00000cas a2200000 a 4500</leader><controlfield tag="001">43754170</controlfield><controlfield tag="008">000331d192u1929cauwr ne      0    0eng c</controlfield><datafield ind1=" " ind2=" " tag="010"><subfield code="a">sn 00060384 </subfield></datafield><datafield ind1=" " ind2=" " tag="040"><subfield code="a">CNK</subfield><subfield code="b">eng</subfield><subfield code="c">CNK</subfield><subfield code="d">OCLCQ</subfield><subfield code="d">OCLCF</subfield><subfield code="d">OCLCO</subfield></datafield><datafield ind1="1" ind2=" " tag="029"><subfield code="a">AU@</subfield><subfield code="b">000021430957</subfield></datafield><datafield ind1=" " ind2=" " tag="042"><subfield code="a">pcc</subfield></datafield><datafield ind1=" " ind2=" " tag="043"><subfield code="a">n-us-ca</subfield></datafield><datafield ind1="0" ind2="0" tag="245"><subfield code="a">Whittier Californian and deep sand bulletin.</subfield></datafield><datafield ind1=" " ind2=" " tag="260"><subfield code="a">Whittier, Calif. :</subfield><subfield code="b">Calart Pub. House</subfield></datafield><datafield ind1=" " ind2=" " tag="300"><subfield code="a">v.</subfield></datafield><datafield ind1=" " ind2=" " tag="310"><subfield code="a">Weekly</subfield></datafield><datafield ind1="0" ind2=" " tag="362"><subfield code="a">-v. 2, no. 72 (Dec. 19, 1929).</subfield></datafield><datafield ind1=" " ind2=" " tag="500"><subfield code="a">"And Deep Sand Bulletin" appears in smaller print below "Whittier Californian."</subfield></datafield><datafield ind1=" " ind2=" " tag="588"><subfield code="a">Description based on: Vol. 1, no. 40 (May 9, 1929).</subfield></datafield><datafield ind1=" " ind2="0" tag="651"><subfield code="a">Whittier (Calif.)</subfield><subfield code="v">Newspapers.</subfield></datafield><datafield ind1=" " ind2="0" tag="651"><subfield code="a">Santa Fe Springs (Calif.)</subfield><subfield code="v">Newspapers.</subfield></datafield><datafield ind1=" " ind2="7" tag="655"><subfield code="a">Newspapers.</subfield><subfield code="2">fast</subfield><subfield code="0">(OCoLC)fst01423814</subfield></datafield><datafield ind1=" " ind2="7" tag="651"><subfield code="a">California</subfield><subfield code="z">Santa Fe Springs.</subfield><subfield code="2">fast</subfield><subfield code="0">(OCoLC)fst01218724</subfield></datafield><datafield ind1=" " ind2="7" tag="651"><subfield code="a">California</subfield><subfield code="z">Whittier.</subfield><subfield code="2">fast</subfield><subfield code="0">(OCoLC)fst01206898</subfield></datafield><datafield ind1=" " ind2=" " tag="752"><subfield code="a">United States</subfield><subfield code="b">California</subfield><subfield code="c">Los Angeles</subfield><subfield code="d">Whittier.</subfield></datafield><datafield ind1="0" ind2="0" tag="785"><subfield code="t">Whittier Californian</subfield><subfield code="w">(DLC)sn 00060386</subfield></datafield></record>